<?xml version="1.0" encoding="UTF-8"?><record xmlns="http://www.loc.gov/MARC21/slim" xmlns:cinclude="http://apache.org/cocoon/include/1.0" xmlns:zs="http://www.loc.gov/zing/srw/">
  <leader>00456cz  a2200145n  4500</leader>
  <controlfield tag="001">no2001065865</controlfield>
  <controlfield tag="003">DLC</controlfield>
  <controlfield tag="005">20070530075033.0</controlfield>
  <controlfield tag="008">010819n| acannaabn          |a aaa      </controlfield>
  <datafield tag="010" ind1=" " ind2=" ">
    <subfield code="a">no2001065865</subfield>
  </datafield>
  <datafield tag="035" ind1=" " ind2=" ">
    <subfield code="a">(OCoLC)oca05563079</subfield>
  </datafield>
  <datafield tag="040" ind1=" " ind2=" ">
    <subfield code="a">DLC-ON</subfield>
    <subfield code="b">eng</subfield>
    <subfield code="c">DLC-ON</subfield>
    <subfield code="d">DLC</subfield>
  </datafield>
  <datafield tag="100" ind1="1" ind2=" ">
    <subfield code="a">Taṭciṇāmūrtti, Vai.</subfield>
  </datafield>
  <datafield tag="400" ind1="1" ind2=" ">
    <subfield code="a">Dakshinamoorthi, V.</subfield>
  </datafield>
  <datafield tag="670" ind1=" " ind2=" ">
    <subfield code="a">Eḷiya Tamil̲ ilakkaṇam, 2000:</subfield>
    <subfield code="b">t.p. (Dr. Vai. Taṭciṇāmūrtti) t.p. verso (V. Dakshinamoorthi)</subfield>
  </datafield>
</record>